<?xml version="1.0" encoding="UTF-8" ?>
<collection xmlns:xsi="http://www.w3.org/2001/XMLSchema-instance"
    xsi:schemaLocation="http://www.loc.gov/MARC21/slim
        http://www.loc.gov/standards/marcxml/schema/MARC21slim.xsd"
    xmlns="http://www.loc.gov/MARC21/slim">
<record>
  <leader>00242nam a2200457 i 4500</leader>
  <controlfield tag="001">b17587578</controlfield>
  <controlfield tag="003">LeBAU</controlfield>
  <controlfield tag="005">20140815</controlfield>
  <controlfield tag="008">121023s1952    su acf        001 0 ara d</controlfield>
  <datafield tag="040" ind1=" " ind2=" ">
    <subfield code="a">LEAUB</subfield>
    <subfield code="b">ara</subfield>
    <subfield code="e">rda</subfield>
    <subfield code="c">LEAUB</subfield>
  </datafield>
  <datafield tag="082" ind1="0" ind2="4">
    <subfield code="a">953.8</subfield>
    <subfield code="2">23</subfield>
  </datafield>
  <datafield tag="100" ind1="1" ind2=" ">
    <subfield code="6">880-01</subfield>
    <subfield code="a">Maṭarī, Muḥammad ibn Aḥmad,</subfield>
    <subfield code="d">1272-1340,</subfield>
    <subfield code="e">author.</subfield>
  </datafield>
  <datafield tag="245" ind1="1" ind2="0">
    <subfield code="6">880-02</subfield>
    <subfield code="a">al-Ta‘rīf bi-mā ānasat al-Hijrah min ma‘ālim Dār al-Hijrah /</subfield>
    <subfield code="c">taṣnīf al-Shaykh al-Imām al-‘Ālim al-Muḥaddith wa-jār Allāh wa-jār rasūlihi ṣallá Allāh ta‘ālá ‘aylhi wa-sallam Jamāl al-Dīn Abī ‘Abd Allāh Muḥammad ibn Aḥmad al-Maṭarī ; taḥqīq, qāma bi-taṣḥīḥihi wa-al-ta‘līq ‘alyhi faḍīlat al-Shaykh Muḥammad ibn ‘Abd al-Muḥsin al-Khayyāl, qāḍī al-musta‘jilah bi-al-Madīnah al-Munawarrah.</subfield>
  </datafield>
  <datafield tag="246" ind1="1" ind2="4">
    <subfield code="6">880-03</subfield>
    <subfield code="a">al-Ta‘rīf bi-mā ānasat dār al-Hijrah min ma‘ālim Dār al-Hijrah</subfield>
  </datafield>
  <datafield tag="264" ind1=" " ind2="1">
    <subfield code="6">880-04</subfield>
    <subfield code="a">[al-Riyāḍ] :</subfield>
    <subfield code="b">al-Sayyid As‘ad Drābzūnī,</subfield>
    <subfield code="c">1372 [H.], [1952? M.]</subfield>
  </datafield>
  <datafield tag="300" ind1=" " ind2=" ">
    <subfield code="6">880-05</subfield>
    <subfield code="a">85 pages, 3 unnumbered leaves of plates :</subfield>
    <subfield code="b">illustrations, portraits ;</subfield>
    <subfield code="c">24 cm</subfield>
  </datafield>
  <datafield tag="336" ind1=" " ind2=" ">
    <subfield code="a">text</subfield>
    <subfield code="b">txt</subfield>
    <subfield code="2">rdacontent</subfield>
  </datafield>
  <datafield tag="336" ind1=" " ind2=" ">
    <subfield code="a">still image</subfield>
    <subfield code="b">sti</subfield>
    <subfield code="2">rdacontent</subfield>
  </datafield>
  <datafield tag="337" ind1=" " ind2=" ">
    <subfield code="a">unmediated</subfield>
    <subfield code="b">n</subfield>
    <subfield code="2">rdamedia</subfield>
  </datafield>
  <datafield tag="338" ind1=" " ind2=" ">
    <subfield code="a">volume</subfield>
    <subfield code="b">nc</subfield>
    <subfield code="2">rdacarrier</subfield>
  </datafield>
  <datafield tag="500" ind1=" " ind2=" ">
    <subfield code="a">يتضمن كشاف.</subfield>
  </datafield>
  <datafield tag="541" ind1=" " ind2=" ">
    <subfield code="a">هبة من مكتبة امين المميز.</subfield>
  </datafield>
  <datafield tag="650" ind1=" " ind2="4">
    <subfield code="a">الحجاج والحج الإسلامي</subfield>
    <subfield code="z">السعودية</subfield>
    <subfield code="z">المدينة المنورة.</subfield>
  </datafield>
  <datafield tag="650" ind1=" " ind2="0">
    <subfield code="a">Muslim pilgrims and pilgrimages</subfield>
    <subfield code="z">Saudi Arabia</subfield>
    <subfield code="z">Medinah.</subfield>
  </datafield>
  <datafield tag="651" ind1=" " ind2="4">
    <subfield code="a">المدينة المنورة (السعودية)</subfield>
    <subfield code="x">تاريخ</subfield>
  </datafield>
  <datafield tag="651" ind1=" " ind2="0">
    <subfield code="a">Medina (Saudi Arabia)</subfield>
    <subfield code="x">History.</subfield>
  </datafield>
  <datafield tag="700" ind1="1" ind2=" ">
    <subfield code="6">880-06</subfield>
    <subfield code="a">Khayyāl, Muḥammad ibn ‘Abd al-Muḥsin,</subfield>
    <subfield code="e">corrector.</subfield>
  </datafield>
  <datafield tag="700" ind1="1" ind2=" ">
    <subfield code="6">880-07</subfield>
    <subfield code="a">Khayyāl, Muḥammad ibn ‘Abd al-Muḥsin,</subfield>
    <subfield code="e">commentator for written text.</subfield>
  </datafield>
  <datafield tag="787" ind1="0" ind2=" ">
    <subfield code="6">880-08</subfield>
    <subfield code="i">إعادة إصدار.</subfield>
    <subfield code="t">al-Ta‘rīf bi-mā ānasat al-Hijrah min ma‘ālim Dār al-Hijrah.</subfield>
    <subfield code="d">al-Madīnah al-Munawwarah : al-Maktabah al-‘Ilmīyah, 1982</subfield>
    <subfield code="w">(OCoLC)784459392</subfield>
    <subfield code="w">(OCoLC)784459392</subfield>
    <subfield code="a">Reprint.</subfield>
  </datafield>
  <datafield tag="852" ind1=" " ind2=" ">
    <subfield code="a">Jafet Library</subfield>
    <subfield code="e">American University of Beirut, Bliss Street, Beirut, Lebanon.</subfield>
  </datafield>
  <datafield tag="880" ind1="1" ind2=" ">
    <subfield code="6">100-01/(3/r</subfield>
    <subfield code="a">المطري، محمد بن احمد،</subfield>
    <subfield code="d">1272-1340،</subfield>
    <subfield code="e">مؤلف. </subfield>
    <subfield code="4">aut.</subfield>
  </datafield>
  <datafield tag="880" ind1="1" ind2="0">
    <subfield code="6">245-02/(3/r</subfield>
    <subfield code="a">التعريف بما آنست الهجرة من معالم دار الهجرة /</subfield>
    <subfield code="c">تصنيف الشيخ الإمام العالم المحدث جار الله وجار رسوله صلّى الله تعالى عليه وسلم جمال الدين أبي عبد الله محمد بن أحمد المطري ؛ تحقيق، قام بتصحيحه والتعليق عليه فضيلة الشيخ محمد بن عبد المحسن الخيال، قاضي المستعجلة بالمدينة المنورة.</subfield>
  </datafield>
  <datafield tag="880" ind1="1" ind2="4">
    <subfield code="6">246-03/(3/r</subfield>
    <subfield code="a">التعريف بما آنست دار الهجرة من معالم دار الهجرة</subfield>
  </datafield>
  <datafield tag="880" ind1=" " ind2="1">
    <subfield code="6">264-04/(3/r</subfield>
    <subfield code="a">[الرياض] :</subfield>
    <subfield code="b">السيد أسعد درابزوني،</subfield>
    <subfield code="c">1372 [هـ.]، [1952؟ م.]</subfield>
  </datafield>
  <datafield tag="880" ind1=" " ind2=" ">
    <subfield code="6">300-05/(3/r</subfield>
    <subfield code="a">85 صفحة، 3 ورقات لوحات غير مرقمة :</subfield>
    <subfield code="b">مصورات، صور شخصانية ؛</subfield>
    <subfield code="c">24 سم</subfield>
  </datafield>
  <datafield tag="880" ind1="1" ind2=" ">
    <subfield code="6">700-06/(3/r</subfield>
    <subfield code="a">الخيال، محمد بن عبد المحسن،</subfield>
    <subfield code="e">مصحح. </subfield>
    <subfield code="4">crr.</subfield>
  </datafield>
  <datafield tag="880" ind1="1" ind2=" ">
    <subfield code="6">700-07/(3/r</subfield>
    <subfield code="a">الخيال، محمد بن عبد المحسن،</subfield>
    <subfield code="e">معلق على نص. </subfield>
    <subfield code="4">cwt.</subfield>
  </datafield>
  <datafield tag="880" ind1="0" ind2=" ">
    <subfield code="6">787-08/(3/r</subfield>
    <subfield code="a">Reprint.</subfield>
    <subfield code="t">التعريف بما آنست الهجرة من معالم دار الهجرة.</subfield>
    <subfield code="d">المدينة المنورة : المكتبة العلمية، 1982</subfield>
    <subfield code="w">b12679148</subfield>
    <subfield code="w">(OCoLC)784459392</subfield>
  </datafield>
  <datafield tag="907" ind1=" " ind2=" ">
    <subfield code="a">.b17587578</subfield>
    <subfield code="b">16-02-02</subfield>
    <subfield code="c">12-10-23</subfield>
  </datafield>
  <datafield tag="945" ind1=" " ind2=" ">
    <subfield code="f">J</subfield>
    <subfield code="a">953.8:M425tA:1952</subfield>
    <subfield code="g">1</subfield>
    <subfield code="i">00507861</subfield>
    <subfield code="j">.i19507240</subfield>
    <subfield code="l">u0503</subfield>
  </datafield>
  <datafield tag="998" ind1=" " ind2=" ">
    <subfield code="a">u05</subfield>
    <subfield code="b">13-03-08</subfield>
    <subfield code="c">m</subfield>
    <subfield code="d">a</subfield>
    <subfield code="e">-</subfield>
    <subfield code="f">ara</subfield>
    <subfield code="g">su </subfield>
    <subfield code="h">0</subfield>
    <subfield code="i">0</subfield>
  </datafield>
</record>
</collection>
